@article {davila:2002,
    AUTHOR = {D\'{a}vila, J.},
     TITLE = {On an open question about functions of bounded variation},
   JOURNAL = {Calc. Var. Partial Differential Equations},
  FJOURNAL = {Calculus of Variations and Partial Differential Equations},
    VOLUME = {15},
      YEAR = {2002},
    NUMBER = {4},
     PAGES = {519--527},
      ISSN = {0944-2669,1432-0835},
   MRCLASS = {46E35 (26A45)},
  MRNUMBER = {1942130},
MRREVIEWER = {J.\ Musielak},
       DOI = {10.1007/s005260100135},
       URL = {https://doi.org/10.1007/s005260100135},
}

@article {hitchhiker,
    AUTHOR = {Di Nezza, Eleonora and Palatucci, Giampiero and Valdinoci, Enrico},
     TITLE = {Hitchhiker's guide to the fractional {S}obolev spaces},
   JOURNAL = {Bull. Sci. Math.},
  FJOURNAL = {Bulletin des Sciences Math\'{e}matiques},
    VOLUME = {136},
      YEAR = {2012},
    NUMBER = {5},
     PAGES = {521--573},
      ISSN = {0007-4497},
   MRCLASS = {46E35 (35A23 35S05 35S30)},
  MRNUMBER = {2944369},
MRREVIEWER = {Lanzhe\ Liu},
       DOI = {10.1016/j.bulsci.2011.12.004},
       URL = {https://doi.org/10.1016/j.bulsci.2011.12.004},
}

@article {lombardini:2019,
    AUTHOR = {Lombardini, Luca},
     TITLE = {Fractional perimeters from a fractal perspective},
   JOURNAL = {Adv. Nonlinear Stud.},
  FJOURNAL = {Advanced Nonlinear Studies},
    VOLUME = {19},
      YEAR = {2019},
    NUMBER = {1},
     PAGES = {165--196},
      ISSN = {1536-1365,2169-0375},
   MRCLASS = {28A80 (35R11 49Q05)},
  MRNUMBER = {3912427},
       DOI = {10.1515/ans-2018-2016},
       URL = {https://doi.org/10.1515/ans-2018-2016},
}

@article {brezis:2002,
    AUTHOR = {Brezis, Kh.},
     TITLE = {How to recognize constant functions. {A} connection with
              {S}obolev spaces},
   JOURNAL = {Uspekhi Mat. Nauk},
  FJOURNAL = {Uspekhi Matematicheskikh Nauk},
    VOLUME = {57},
      YEAR = {2002},
    NUMBER = {4(346)},
     PAGES = {59--74},
      ISSN = {0042-1316,2305-2872},
   MRCLASS = {46E35 (26A45)},
  MRNUMBER = {1942116},
MRREVIEWER = {J.\ Musielak},
       DOI = {10.1070/RM2002v057n04ABEH000533},
       URL = {https://doi.org/10.1070/RM2002v057n04ABEH000533},
}

@incollection {brezis:2001,
    AUTHOR = {Bourgain, Jean and Brezis, Haim and Mironescu, Petru},
     TITLE = {Another look at {S}obolev spaces},
 BOOKTITLE = {Optimal control and partial differential equations},
     PAGES = {439--455},
 PUBLISHER = {IOS, Amsterdam},
      YEAR = {2001},
      ISBN = {1-58603-096-5},
   MRCLASS = {46E30},
  MRNUMBER = {3586796},
}

@book {evans:pde,
    AUTHOR = {Evans, Lawrence C.},
     TITLE = {Partial differential equations},
    SERIES = {Graduate Studies in Mathematics},
    VOLUME = {19},
   EDITION = {Second},
 PUBLISHER = {American Mathematical Society, Providence, RI},
      YEAR = {2010},
     PAGES = {xxii+749},
      ISBN = {978-0-8218-4974-3},
   MRCLASS = {35-01},
  MRNUMBER = {2597943},
MRREVIEWER = {Diego\ M.\ Maldonado},
       DOI = {10.1090/gsm/019},
       URL = {https://doi.org/10.1090/gsm/019},
}

@book {evans:gmt,
    AUTHOR = {Evans, Lawrence C. and Gariepy, Ronald F.},
     TITLE = {Measure theory and fine properties of functions},
    SERIES = {Textbooks in Mathematics},
   EDITION = {Revised},
 PUBLISHER = {CRC Press, Boca Raton, FL},
      YEAR = {2015},
     PAGES = {xiv+299},
      ISBN = {978-1-4822-4238-6},
   MRCLASS = {28-01},
  MRNUMBER = {3409135},
}

@book {adams:sobolev,
    AUTHOR = {Adams, Robert A. and Fournier, John J. F.},
     TITLE = {Sobolev spaces},
    SERIES = {Pure and Applied Mathematics (Amsterdam)},
    VOLUME = {140},
   EDITION = {Second},
 PUBLISHER = {Elsevier/Academic Press, Amsterdam},
      YEAR = {2003},
     PAGES = {xiv+305},
      ISBN = {0-12-044143-8},
   MRCLASS = {46E35 (46-01 46-02 46B70 46Exx)},
  MRNUMBER = {2424078},
}

@book {leoni:sobolev,
    AUTHOR = {Leoni, Giovanni},
     TITLE = {A first course in fractional {S}obolev spaces},
    SERIES = {Graduate Studies in Mathematics},
    VOLUME = {229},
 PUBLISHER = {American Mathematical Society, Providence, RI},
      YEAR = {[2023] \copyright 2023},
     PAGES = {xv+586},
      ISBN = {[9781470468989]; [9781470472535]; [9781470472528]},
   MRCLASS = {46-01 (30H05 35R11 42Bxx 42C40 46E35)},
  MRNUMBER = {4567945},
       DOI = {10.1090/gsm/229},
       URL = {https://doi.org/10.1090/gsm/229},
}

@book {gilbarg,
    AUTHOR = {Gilbarg, David and Trudinger, Neil S.},
     TITLE = {Elliptic partial differential equations of second order},
    SERIES = {Classics in Mathematics},
      NOTE = {Reprint of the 1998 edition},
 PUBLISHER = {Springer-Verlag, Berlin},
      YEAR = {2001},
     PAGES = {xiv+517},
      ISBN = {3-540-41160-7},
   MRCLASS = {35-02 (35Jxx)},
  MRNUMBER = {1814364},
}

@article {ponce:2017,
    AUTHOR = {Ponce, Augusto C. and Spector, Daniel},
     TITLE = {A note on the fractional perimeter and interpolation},
   JOURNAL = {C. R. Math. Acad. Sci. Paris},
  FJOURNAL = {Comptes Rendus Math\'{e}matique. Acad\'{e}mie des Sciences.
              Paris},
    VOLUME = {355},
      YEAR = {2017},
    NUMBER = {9},
     PAGES = {960--965},
      ISSN = {1631-073X,1778-3569},
   MRCLASS = {28A80 (46E30)},
  MRNUMBER = {3709534},
MRREVIEWER = {Filip\ Grzegorz\ Strobin},
       DOI = {10.1016/j.crma.2017.09.001},
       URL = {https://doi.org/10.1016/j.crma.2017.09.001},
}

@book {bergh:interpolation,
    AUTHOR = {Bergh, J\"{o}ran and L\"{o}fstr\"{o}m, J\"{o}rgen},
     TITLE = {Interpolation spaces. {A}n introduction},
    SERIES = {Grundlehren der Mathematischen Wissenschaften},
    VOLUME = {No. 223},
 PUBLISHER = {Springer-Verlag, Berlin-New York},
      YEAR = {1976},
     PAGES = {x+207},
   MRCLASS = {46M35},
  MRNUMBER = {482275},
}
